@article{sertel_kong_shimada_catalyurek_saltz_gurcan_2008, title={Computer-aided prognosis of neuroblastoma on whole-slide images: Classification of stromal development}, volume={42}, DOI={10.1016/j.patcog.2008.08.027}, number={6}, journal={Pattern Recognition}, author={Sertel, O. and Kong, J. and Shimada, H. and Catalyurek, U.v. and Saltz, J.h. and Gurcan, M.n.}, year={2008}, month={Aug}, pages={1093–1103}} 

@article{TEODORO2014589,
title = "Region templates: Data representation and management for high-throughput image analysis",
journal = "Parallel Computing",
volume = "40",
number = "10",
pages = "589 - 610",
year = "2014",
issn = "0167-8191",
doi = "https://doi.org/10.1016/j.parco.2014.09.003",
author = "George Teodoro and Tony Pan and Tahsin Kurc and Jun Kong and Lee Cooper and Scott Klasky and Joel Saltz",
keywords = "GPGPU, Storage and I/O, Heterogeneous environments, Image analysis, Microscopy imaging"
},

@article{doi:10.1093/bioinformatics/btw749,
author = {Teodoro, George and Kurç, Tahsin M. and Taveira, Luís F. R. and Melo, Alba C. M. A. and Gao, Yi and Kong, Jun and Saltz, Joel H.},
title = {Algorithm sensitivity analysis and parameter tuning for tissue image segmentation pipelines},
journal = {Bioinformatics},
volume = {33},
number = {7},
pages = {1064-1072},
year = {2017},
doi = {10.1093/bioinformatics/btw749},
eprint = {/oup/backfile/content_public/journal/bioinformatics/33/7/10.1093_bioinformatics_btw749/1/btw749.pdf}
},

@article{teodoro_pan_kurc_kong_cooper_podhorszki_klasky_saltz_2013, title={High-throughput Analysis of Large Microscopy Image Datasets on CPU-GPU Cluster Platforms}, DOI={10.1109/ipdps.2013.11}, journal={2013 IEEE 27th International Symposium on Parallel and Distributed Processing}, author={Teodoro, George and Pan, Tony and Kurc, Tahsin M. and Kong, Jun and Cooper, Lee A.d. and Podhorszki, Norbert and Klasky, Scott and Saltz, Joel H.}, year={2013}} 

@article{kurc_qi_wang_wang_teodoro_2015, title={Scalable analysis of Big pathology image data cohorts using efficient methods and high-performance computing strategies}, volume={16}, DOI={10.1186/s12859-015-0831-6}, number={1}, journal={BMC Bioinformatics}, author={Kurc, Tahsin and Qi, Xin and Wang, Daihou and Wang, Fusheng and Teodoro, George and Cooper, Lee and Nalisnik, Michael and Yang, Lin and Saltz, Joel and Foran, David J. and et al.}, year={2015}} 

@misc{openslide, title={OpenSlide library}, url={http://openslide.org/}, journal={OpenSlide}} 

@article{spann_wilson_1985, title={A quad-tree approach to image segmentation which combines statistical and spatial information}, volume={18}, DOI={10.1016/0031-3203(85)90051-2}, number={3-4}, journal={Pattern Recognition}, author={Spann, M. and Wilson, R.}, year={1985}, pages={257–269}} 

%% Extras

@article{teodoro_kurc_pan_cooper_kong_widener_saltz_2012, title={Accelerating Large Scale Image Analyses on Parallel, CPU-GPU Equipped Systems}, DOI={10.1109/ipdps.2012.101}, journal={2012 IEEE 26th International Parallel and Distributed Processing Symposium}, author={Teodoro, George and Kurc, Tahsin M. and Pan, Tony and Cooper, Lee A.d. and Kong, Jun and Widener, Patrick and Saltz, Joel H.}, year={2012}}

@INPROCEEDINGS{will,
author={W. Barreiros and G. Teodoro and T. Kurc and J. Kong and A. C. M. A. Melo and J. Saltz},
booktitle={2017 IEEE International Conference on Cluster Computing (CLUSTER)},
title={Parallel and Efficient Sensitivity Analysis of Microscopy Image Segmentation Workflows in Hybrid Systems},
year={2017},
volume={},
number={},
pages={25-35},
keywords={cancer;feature extraction;image classification;image resolution;image segmentation;medical image processing;optimisation;parallel processing;sensitivity analysis;cancer image analysis workflow;efficient sensitivity analysis;high-resolution images;hybrid systems;image feature classification;microscopy image segmentation workflows;parallel sensitivity analysis;runtime optimizations;smart task assignment strategies;Algorithm design and analysis;Image analysis;Image segmentation;Optimization;Runtime;Sensitivity analysis},
doi={10.1109/CLUSTER.2017.28},
ISSN={},
month={Sept},},

@Article{pmid24236209,
   Author="Kong, J.  and Cooper, L. A.  and Wang, F.  and Gao, J.  and Teodoro, G.  and Scarpace, L.  and Mikkelsen, T.  and Schniederjan, M. J.  and Moreno, C. S.  and Saltz, J. H.  and Brat, D. J. ",
   Title="{{M}achine-based morphologic analysis of glioblastoma using whole-slide pathology images uncovers clinically relevant molecular correlates}",
   Journal="PLoS ONE",
   Year="2013",
   Volume="8",
   Number="11",
   Pages="e81049"
}

